
@article{halliday2017interactions,
	Author = {Halliday, Fletcher W. and Umbanhowar, James and Mitchell, Charles E.},
	Journal = {Ecology Letters},
	Month = {Sep},
	Number = {10},
	Pages = {1285--1294},
	Title = {Interactions among symbionts operate across scales to influence parasite epidemics},
	Volume = {20},
	Year = {2017}}

@article{fukami2015historical,
	Author = {Fukami, Tadashi},
	Journal = {Annual Review of Ecology, Evolution, and Systematics},
	Month = {Dec},
	Number = {1},
	Pages = {1--23},
	Title = {Historical Contingency in Community Assembly: Integrating Niches, Species Pools, and Priority Effects},
	Volume = {46},
	Year = {2015}}

@book{shipley2016cause,
	Author = {Shipley, Bill},
	Publisher = {Cambridge University Press},
	Title = {Cause and Correlation in Biology: A User's Guide to Path Analysis, Structural Equations and Causal Inference with {R}},
	Year = {2016}}

@book{vanderweele2015explanation,
	Author = {VanderWeele, Tyler},
	Publisher = {Oxford University Press},
	Title = {Explanation in causal inference: methods for mediation and interaction},
	Year = {2015}}

@article{imai2010general,
	Author = {Imai, Kosuke and Keele, Luke and Tingley, Dustin},
	Journal = {Psychological Methods},
	Number = {4},
	Pages = {309--334},
	Title = {A general approach to causal mediation analysis},
	Volume = {15},
	Year = {2010}}

@article{suzuki2011identification,
	Author = {Suzuki, Etsuji and Yamamoto, Eiji and Tsuda, Toshihide},
	Journal = {European Journal of Epidemiology},
	Month = {Mar},
	Number = {5},
	Pages = {347--357},
	Title = {Identification of operating mediation and mechanism in the sufficient-component cause framework},
	Volume = {26},
	Year = {2011}}

@article{richardson2013primer,
	Author = {Richardson, Thomas S. and Robins, James M.},
	Title = {Single World Intervention Graphs: A Primer},
	Year = {2013}}

@article{barkley2017causal,
  title={Causal Inference from Observational Studies with Clustered Interference},
  author={Barkley, Brian G and Hudgens, Michael G and Clemens, John D and Ali, Mohammad and Emch, Michael E},
  journal={arXiv preprint arXiv:1711.04834},
  year={2017}
}
