@book{scheiner2001design,
	author = {Scheiner, Samuel M.  and Gurevitch, Jessica},
	title = {Design and analysis of ecological experiments},
	publisher = {Oxford University Press},
	year = {2001},
	url = {},
}
@book{huber1981robust,
	author = {Huber, Peter J.},
	title = {Robust statistics},
	publisher = {Wiley},
	address = {New York},
	year = {1981},
}
@book{huber2009robust,
	author = {Huber, Peter J.  and Ronchetti, Elvezio M.},
	title = {Robust Statistics},
	number = {1002},
	publisher = {Wiley},
	address = {Hoboken},
	year = {2009},
}
@book{edgington2007randomization,
	author = {Edgington, Eugene  and Onghena, Patrick},
	title = {Randomization tests},
	publisher = {CRC Press},
	year = {2007},
	url = {},
}
@article{bowers2011fisher,
	author = {Bowers, Jake  and Panagopoulos, Costas},
	title = {Fisher's randomization mode of statistical inference, then and now},
	journal = {},
	year = {2011},
	url = {},
}
@article{fukami2015historical,
	author = {Fukami, Tadashi},
	title = {Historical contingency in community assembly: integrating niches, species pools, and priority effects},
	journal = {Annual Review of Ecology, Evolution, and Systematics},
	volume = {46},
	pages = {1-23},
	year = {2015},
}
